<?xml version="1.0" encoding="UTF-8"?>
  <record xmlns="http://www.loc.gov/MARC21/slim" type="Authority">
    <leader>00000nz  a2200000nc 4500</leader>
    <controlfield tag="001">120182998</controlfield>
    <controlfield tag="003">DE-101</controlfield>
    <controlfield tag="005">20220504115000.0</controlfield>
    <controlfield tag="008">980514n||azznnaabn           | aaa    |c</controlfield>
    <datafield tag="024" ind1="7" ind2=" ">
      <subfield code="a">120182998</subfield>
      <subfield code="0">http://d-nb.info/gnd/120182998</subfield>
      <subfield code="2">gnd</subfield>
    </datafield>
    <datafield tag="035" ind1=" " ind2=" ">
      <subfield code="a">(DE-101)120182998</subfield>
    </datafield>
    <datafield tag="035" ind1=" " ind2=" ">
      <subfield code="a">(DE-588)120182998</subfield>
    </datafield>
    <datafield tag="035" ind1=" " ind2=" ">
      <subfield code="z">(DE-588a)120182998</subfield>
      <subfield code="9">v:zg</subfield>
    </datafield>
    <datafield tag="040" ind1=" " ind2=" ">
      <subfield code="a">DE-12</subfield>
      <subfield code="c">DE-12</subfield>
      <subfield code="9">r:DE-12</subfield>
      <subfield code="b">ger</subfield>
      <subfield code="d">2214</subfield>
    </datafield>
    <datafield tag="042" ind1=" " ind2=" ">
      <subfield code="a">gnd1</subfield>
    </datafield>
    <datafield tag="043" ind1=" " ind2=" ">
      <subfield code="c">XA-DE</subfield>
    </datafield>
    <datafield tag="065" ind1=" " ind2=" ">
      <subfield code="a">16.5p</subfield>
      <subfield code="2">sswd</subfield>
    </datafield>
    <datafield tag="075" ind1=" " ind2=" ">
      <subfield code="b">p</subfield>
      <subfield code="2">gndgen</subfield>
    </datafield>
    <datafield tag="075" ind1=" " ind2=" ">
      <subfield code="b">pik</subfield>
      <subfield code="2">gndspec</subfield>
    </datafield>
    <datafield tag="079" ind1=" " ind2=" ">
      <subfield code="a">g</subfield>
      <subfield code="q">a</subfield>
      <subfield code="q">f</subfield>
      <subfield code="q">h</subfield>
      <subfield code="q">s</subfield>
      <subfield code="u">v</subfield>
    </datafield>
    <datafield tag="100" ind1="0" ind2=" ">
      <subfield code="a">Anna Sophia</subfield>
      <subfield code="c">Münsterberg-Oels, Herzogin</subfield>
      <subfield code="d">1598-1641</subfield>
    </datafield>
    <datafield tag="400" ind1="0" ind2=" ">
      <subfield code="a">Anna Sofia</subfield>
      <subfield code="c">Münsterberg, Herzogin</subfield>
      <subfield code="d">1598-1641</subfield>
    </datafield>
    <datafield tag="400" ind1="0" ind2=" ">
      <subfield code="a">Anna Sofie</subfield>
      <subfield code="c">Münsterberg, Herzogin</subfield>
      <subfield code="d">1598-1641</subfield>
    </datafield>
    <datafield tag="400" ind1="0" ind2=" ">
      <subfield code="a">Anna Sophie</subfield>
      <subfield code="c">Münsterberg, Herzogin</subfield>
      <subfield code="d">1598-1641</subfield>
    </datafield>
    <datafield tag="400" ind1="0" ind2=" ">
      <subfield code="a">Anna Sophie</subfield>
      <subfield code="c">Münsterberg-Oels, Herzogin</subfield>
      <subfield code="d">1598-1641</subfield>
    </datafield>
    <datafield tag="400" ind1="0" ind2=" ">
      <subfield code="a">Anna Sofia</subfield>
      <subfield code="c">Münsterberg-Oels, Herzogin</subfield>
      <subfield code="d">1598-1641</subfield>
    </datafield>
    <datafield tag="400" ind1="0" ind2=" ">
      <subfield code="a">Anna Sofie</subfield>
      <subfield code="c">Münsterberg-Oels, Herzogin</subfield>
      <subfield code="d">1598-1641</subfield>
    </datafield>
    <datafield tag="400" ind1="0" ind2=" ">
      <subfield code="a">Anna Sophia</subfield>
      <subfield code="c">Sachsen-Weimar-Altenburg, Prinzessin</subfield>
      <subfield code="d">1598-1641</subfield>
      <subfield code="4">nafr</subfield>
      <subfield code="4">https://d-nb.info/standards/elementset/gnd#EarlierNameOfThePerson</subfield>
      <subfield code="w">r</subfield>
      <subfield code="i">Frueherer Name</subfield>
      <subfield code="e">Frueherer Name</subfield>
    </datafield>
    <datafield tag="400" ind1="0" ind2=" ">
      <subfield code="a">Anna Sophia</subfield>
      <subfield code="c">Sachsen-Weimar, Prinzessin</subfield>
      <subfield code="d">1598-1641</subfield>
    </datafield>
    <datafield tag="400" ind1="0" ind2=" ">
      <subfield code="a">Anna Sophia</subfield>
      <subfield code="c">Sachsen-Altenburg, Prinzessin</subfield>
      <subfield code="d">1598-1641</subfield>
    </datafield>
    <datafield tag="400" ind1="0" ind2=" ">
      <subfield code="a">Anna Sofie</subfield>
      <subfield code="c">Sachsen-Altenburg, Herzogin</subfield>
      <subfield code="d">1598-1641</subfield>
    </datafield>
    <datafield tag="400" ind1="0" ind2=" ">
      <subfield code="a">Anna Sofia</subfield>
      <subfield code="c">Sachsen-Altenburg, Herzogin</subfield>
      <subfield code="d">1598-1641</subfield>
    </datafield>
    <datafield tag="400" ind1="0" ind2=" ">
      <subfield code="a">Anna Sophia</subfield>
      <subfield code="c">Sachsen-Altenburg, Herzogin</subfield>
      <subfield code="d">1598-1641</subfield>
    </datafield>
    <datafield tag="400" ind1="0" ind2=" ">
      <subfield code="a">Anna Sophie</subfield>
      <subfield code="c">Sachsen-Altenburg, Herzogin</subfield>
      <subfield code="d">1598-1641</subfield>
    </datafield>
    <datafield tag="400" ind1="0" ind2=" ">
      <subfield code="a">Anna Sofie</subfield>
      <subfield code="c">Sachsen, Herzogin</subfield>
      <subfield code="d">1598-1641</subfield>
    </datafield>
    <datafield tag="400" ind1="0" ind2=" ">
      <subfield code="a">Anna Sophia</subfield>
      <subfield code="c">Sachsen, Herzogin</subfield>
      <subfield code="d">1598-1641</subfield>
    </datafield>
    <datafield tag="400" ind1="0" ind2=" ">
      <subfield code="a">Anna Sophie</subfield>
      <subfield code="c">Sachsen, Herzogin</subfield>
      <subfield code="d">1598-1641</subfield>
    </datafield>
    <datafield tag="400" ind1="0" ind2=" ">
      <subfield code="a">Anna Sofia</subfield>
      <subfield code="c">Sachsen, Herzogin</subfield>
      <subfield code="d">1598-1641</subfield>
    </datafield>
    <datafield tag="400" ind1="0" ind2=" ">
      <subfield code="a">Anna Sophie</subfield>
      <subfield code="c">Sachsen-Weimar, Prinzessin</subfield>
      <subfield code="d">1598-1641</subfield>
    </datafield>
    <datafield tag="400" ind1="0" ind2=" ">
      <subfield code="a">Anna Sophia</subfield>
      <subfield code="c">Podiebrad, Herzogin</subfield>
      <subfield code="d">1598-1641</subfield>
    </datafield>
    <datafield tag="400" ind1="0" ind2=" ">
      <subfield code="a">Anna Sophia</subfield>
      <subfield code="c">Münsterberg, Herzogin</subfield>
      <subfield code="d">1598-1641</subfield>
    </datafield>
    <datafield tag="400" ind1="0" ind2=" ">
      <subfield code="a">Anna Sophia</subfield>
      <subfield code="c">Sachsen-Altenburg, Herzogin</subfield>
      <subfield code="d">1598-1641</subfield>
      <subfield code="5">DE-18</subfield>
    </datafield>
    <datafield tag="500" ind1="0" ind2=" ">
      <subfield code="0">(DE-101)102030081</subfield>
      <subfield code="0">(DE-588)102030081</subfield>
      <subfield code="0">https://d-nb.info/gnd/102030081</subfield>
      <subfield code="a">Friedrich Wilhelm</subfield>
      <subfield code="b">I.</subfield>
      <subfield code="c">Sachsen-Weimar-Altenburg, Herzog</subfield>
      <subfield code="d">1562-1602</subfield>
      <subfield code="4">bezf</subfield>
      <subfield code="4">https://d-nb.info/standards/elementset/gnd#familialRelationship</subfield>
      <subfield code="w">r</subfield>
      <subfield code="i">Beziehung familiaer</subfield>
      <subfield code="e">Beziehung familiaer</subfield>
      <subfield code="9">v:Vater</subfield>
    </datafield>
    <datafield tag="500" ind1="0" ind2=" ">
      <subfield code="0">(DE-101)121058816</subfield>
      <subfield code="0">(DE-588)121058816</subfield>
      <subfield code="0">https://d-nb.info/gnd/121058816</subfield>
      <subfield code="a">Anna Maria</subfield>
      <subfield code="c">Sachsen-Weimar-Altenburg, Herzogin</subfield>
      <subfield code="d">1575-1643</subfield>
      <subfield code="4">bezf</subfield>
      <subfield code="4">https://d-nb.info/standards/elementset/gnd#familialRelationship</subfield>
      <subfield code="w">r</subfield>
      <subfield code="i">Beziehung familiaer</subfield>
      <subfield code="e">Beziehung familiaer</subfield>
      <subfield code="9">v:Mutter</subfield>
    </datafield>
    <datafield tag="500" ind1="0" ind2=" ">
      <subfield code="0">(DE-101)120182955</subfield>
      <subfield code="0">(DE-588)120182955</subfield>
      <subfield code="0">https://d-nb.info/gnd/120182955</subfield>
      <subfield code="a">Karl Friedrich</subfield>
      <subfield code="c">Münsterberg-Oels, Herzog</subfield>
      <subfield code="d">1593-1647</subfield>
      <subfield code="4">bezf</subfield>
      <subfield code="4">https://d-nb.info/standards/elementset/gnd#familialRelationship</subfield>
      <subfield code="w">r</subfield>
      <subfield code="i">Beziehung familiaer</subfield>
      <subfield code="e">Beziehung familiaer</subfield>
      <subfield code="9">v:Ehemann</subfield>
    </datafield>
    <datafield tag="548" ind1=" " ind2=" ">
      <subfield code="a">1598-1641</subfield>
      <subfield code="4">datl</subfield>
      <subfield code="4">https://d-nb.info/standards/elementset/gnd#dateOfBirthAndDeath</subfield>
      <subfield code="w">r</subfield>
      <subfield code="i">Lebensdaten</subfield>
    </datafield>
    <datafield tag="548" ind1=" " ind2=" ">
      <subfield code="a">03.02.1598-20.03.1641</subfield>
      <subfield code="4">datx</subfield>
      <subfield code="4">https://d-nb.info/standards/elementset/gnd#dateOfBirthAndDeath</subfield>
      <subfield code="w">r</subfield>
      <subfield code="i">Exakte Lebensdaten</subfield>
    </datafield>
    <datafield tag="550" ind1=" " ind2=" ">
      <subfield code="0">(DE-101)943795559</subfield>
      <subfield code="0">(DE-588)4369193-6</subfield>
      <subfield code="0">https://d-nb.info/gnd/4369193-6</subfield>
      <subfield code="a">Herzogin</subfield>
      <subfield code="4">adel</subfield>
      <subfield code="4">https://d-nb.info/standards/elementset/gnd#titleOfNobility</subfield>
      <subfield code="w">r</subfield>
      <subfield code="i">Adelstitel</subfield>
    </datafield>
    <datafield tag="550" ind1=" " ind2=" ">
      <subfield code="0">(DE-101)041757246</subfield>
      <subfield code="0">(DE-588)4175724-5</subfield>
      <subfield code="0">https://d-nb.info/gnd/4175724-5</subfield>
      <subfield code="a">Prinzessin</subfield>
      <subfield code="4">adel</subfield>
      <subfield code="4">https://d-nb.info/standards/elementset/gnd#titleOfNobility</subfield>
      <subfield code="w">r</subfield>
      <subfield code="i">Adelstitel</subfield>
    </datafield>
    <datafield tag="550" ind1=" " ind2=" ">
      <subfield code="0">(DE-101)040004643</subfield>
      <subfield code="0">(DE-588)4000464-8</subfield>
      <subfield code="0">https://d-nb.info/gnd/4000464-8</subfield>
      <subfield code="a">Adel</subfield>
      <subfield code="4">obin</subfield>
      <subfield code="4">https://d-nb.info/standards/elementset/gnd#broaderTermInstantial</subfield>
      <subfield code="w">r</subfield>
      <subfield code="i">Oberbegriff instantiell</subfield>
    </datafield>
    <datafield tag="551" ind1=" " ind2=" ">
      <subfield code="0">(DE-101)040604462</subfield>
      <subfield code="0">(DE-588)4060446-9</subfield>
      <subfield code="0">https://d-nb.info/gnd/4060446-9</subfield>
      <subfield code="a">Torgau</subfield>
      <subfield code="4">ortg</subfield>
      <subfield code="4">https://d-nb.info/standards/elementset/gnd#placeOfBirth</subfield>
      <subfield code="w">r</subfield>
      <subfield code="i">Geburtsort</subfield>
    </datafield>
    <datafield tag="551" ind1=" " ind2=" ">
      <subfield code="0">(DE-101)001231804</subfield>
      <subfield code="0">(DE-588)123180-7</subfield>
      <subfield code="0">https://d-nb.info/gnd/123180-7</subfield>
      <subfield code="a">Oels</subfield>
      <subfield code="4">orts</subfield>
      <subfield code="4">https://d-nb.info/standards/elementset/gnd#placeOfDeath</subfield>
      <subfield code="w">r</subfield>
      <subfield code="i">Sterbeort</subfield>
    </datafield>
    <datafield tag="667" ind1=" " ind2=" ">
      <subfield code="a">VD-17</subfield>
    </datafield>
    <datafield tag="667" ind1=" " ind2=" ">
      <subfield code="a">Buchbesitz: SLUB Dresden</subfield>
    </datafield>
    <datafield tag="670" ind1=" " ind2=" ">
      <subfield code="a">Europ. Stammtaf.,III,23</subfield>
    </datafield>
    <datafield tag="670" ind1=" " ind2=" ">
      <subfield code="a">Supellex epistolica Uffenbachii et Wolfiorum = Katalog der Uffenbach-Wolfschen Briefsammlung / hrsg. u. bearb. von Nilüfer Krüger. - Hamburg : Hauswedell, 1978. 2 Bde. - (Katalog der Handschriften der Staats- und Universitätsbibliothek Hamburg ; 8)</subfield>
    </datafield>
    <datafield tag="678" ind1=" " ind2=" ">
      <subfield code="b">Tochter des Herzogs Friedrich Wilhelm I. von Sachsen-Weimar-Altenburg; ab 1618 Gemahlin von Herzog Karl Friedrich von Münsterberg-Oels</subfield>
    </datafield>
    <datafield tag="913" ind1=" " ind2=" ">
      <subfield code="S">pnd</subfield>
      <subfield code="i">5</subfield>
      <subfield code="a">Anna Sophia &lt;Münsterberg-Oels, Herzogin&gt;</subfield>
      <subfield code="0">(DE-588a)120182998</subfield>
    </datafield>
  </record>
